@book{sopaskis_2023_control,
  author = {Sopaskis, Pantelis},
  edition = {1.0.2-rc.6.},
  publisher = {Applied Mathematix Press},
  title = {Control Systems: An introduction},
  year = {2023}
}